@article{Floyd’sCycleFindingAlgorithm,
    title={Floyd’s Cycle Finding Algorithm},
    author={madnoreason},
    url = {https://www.geeksforgeeks.org/floyds-cycle-finding-algorithm/},
    year={2023},
    publisher={geeksforgeeks.org}
}

@article{AlgoritmodedeteccióndeciclodeFloyd,
    title={Algoritmo de detección de ciclo de Floyd},
    author={ICHI.PRO},
    url = {https://ichi.pro/es/algoritmo-de-deteccion-de-ciclo-de-floyd-55560192831201},
    year={SN},
    publisher={ICHI.PRO}
}

@article{AlgoritmodedeteccióndeciclodetortugayliebredeFloyd,
    title={Algoritmo de detección de ciclo de tortuga y liebre de Floyd},
    author={programmerclick.com/},
    url = {https://programmerclick.com/article/59921665533/},
    year={SN},
    publisher={programmerclick.com/}
}

@article{Taller5-ServicioIndicesInvertidos,
    title={Taller 5 - Servicio Indices Invertidos},
    author={Mendez, Oscar},
    url = {https://www.youtube.com/watch?v=dqoUlnzRWT4&ab_channel=OscarMendez},
    year={2023},
    month={09},
    publisher={https://www.youtube.com/}
}